<record><leader>00000cas a22000007a 4500</leader><controlfield tag="001">9286640</controlfield><controlfield tag="008">830307d19731984ctuwr ne      0   a0eng d</controlfield><controlfield tag="009">467</controlfield><datafield ind1=" " ind2=" " tag="010"><subfield code="a">sn 83002056 </subfield></datafield><datafield ind1=" " ind2=" " tag="040"><subfield code="a">NSD</subfield><subfield code="b">eng</subfield><subfield code="c">NSD</subfield><subfield code="d">CNW</subfield><subfield code="d">OCL</subfield><subfield code="d">OCLCQ</subfield></datafield><datafield ind1=" " ind2=" " tag="012"><subfield code="m">1</subfield></datafield><datafield ind1="1" ind2=" " tag="022"><subfield code="a">0745-564X</subfield><subfield code="l">0745-564X</subfield><subfield code="2">1</subfield></datafield><datafield ind1="1" ind2=" " tag="029"><subfield code="a">AU@</subfield><subfield code="b">000025807344</subfield></datafield><datafield ind1=" " ind2=" " tag="032"><subfield code="a">692270</subfield><subfield code="b">USPS</subfield></datafield><datafield ind1=" " ind2=" " tag="037"><subfield code="b">Reminder Press, P.O. 210, Rockville, CT 26066</subfield></datafield><datafield ind1=" " ind2=" " tag="042"><subfield code="a">nsdp</subfield><subfield code="a">msc</subfield></datafield><datafield ind1=" " ind2="0" tag="222"><subfield code="a">Tri-town reporter</subfield></datafield><datafield ind1="0" ind2="0" tag="245"><subfield code="a">Tri-town reporter.</subfield></datafield><datafield ind1="3" ind2=" " tag="246"><subfield code="a">Tri town reporter</subfield></datafield><datafield ind1="3" ind2="0" tag="246"><subfield code="a">Tri town reporter</subfield></datafield><datafield ind1="3" ind2="0" tag="246"><subfield code="a">Reporter reminder</subfield></datafield><datafield ind1="3" ind2="0" tag="246"><subfield code="a">Rockville reminder reporter</subfield></datafield><datafield ind1=" " ind2=" " tag="260"><subfield code="a">Rockville, Conn. :</subfield><subfield code="b">Kenneth A. Hovland</subfield></datafield><datafield ind1=" " ind2=" " tag="310"><subfield code="a">Weekly</subfield></datafield><datafield ind1="0" ind2=" " tag="362"><subfield code="a">Vol. 1, no. 1 (Jan. 17, 1973)-v. 12, no. 50 (Dec. 22, 1984).</subfield></datafield><datafield ind1=" " ind2=" " tag="500"><subfield code="a">Published as combined ed. with: Rockville reminder, on Jan. 3, 1983 with title: Reporter reminder, and on Dec. 29, 1984 with title: The Rockville reminder reporter.</subfield></datafield><datafield ind1=" " ind2="4" tag="651"><subfield code="a">Rockville (Conn.)</subfield><subfield code="v">Newspapers.</subfield></datafield><datafield ind1=" " ind2="4" tag="651"><subfield code="a">Vernon (Conn.)</subfield><subfield code="v">Newspapers.</subfield></datafield><datafield ind1=" " ind2="4" tag="651"><subfield code="a">Tolland (Conn.)</subfield><subfield code="v">Newspapers.</subfield></datafield><datafield ind1=" " ind2="4" tag="651"><subfield code="a">Ellington (Conn.)</subfield><subfield code="v">Newspapers.</subfield></datafield><datafield ind1=" " ind2=" " tag="752"><subfield code="a">United States</subfield><subfield code="b">Connecticut</subfield><subfield code="c">Tolland</subfield><subfield code="d">Rockville.</subfield></datafield><datafield ind1="0" ind2="4" tag="785"><subfield code="t">Rockville reminder</subfield><subfield code="w">(DLC)sn 92051515</subfield></datafield><datafield ind1=" " ind2=" " tag="936"><subfield code="a">Jan. 22, 1983</subfield></datafield></record>